<record><leader>00000cas a2200000 a 4500</leader><controlfield tag="001">10118016</controlfield><controlfield tag="008">831110c19709999iludn ne      0   a0eng c</controlfield><datafield ind1=" " ind2=" " tag="010"><subfield code="a">sn 92053421 </subfield></datafield><datafield ind1=" " ind2=" " tag="040"><subfield code="a">SPI</subfield><subfield code="b">eng</subfield><subfield code="c">SPI</subfield><subfield code="d">OCL</subfield><subfield code="d">NVF</subfield><subfield code="d">DLC</subfield><subfield code="d">CVF</subfield><subfield code="d">NVF</subfield><subfield code="d">OCLCQ</subfield><subfield code="d">OCLCF</subfield><subfield code="d">NVF</subfield><subfield code="d">DLC</subfield><subfield code="d">OCLCO</subfield></datafield><datafield ind1="1" ind2=" " tag="029"><subfield code="a">AU@</subfield><subfield code="b">000025274474</subfield></datafield><datafield ind1="1" ind2=" " tag="029"><subfield code="a">NZ1</subfield><subfield code="b">16076232</subfield></datafield><datafield ind1=" " ind2=" " tag="032"><subfield code="a">1500000</subfield><subfield code="b">USPS</subfield></datafield><datafield ind1=" " ind2=" " tag="037"><subfield code="b">Northern Illinois Publishing Co., P.O. Box 587, DeKalb, Ill., 60115.</subfield></datafield><datafield ind1=" " ind2=" " tag="042"><subfield code="a">pcc</subfield></datafield><datafield ind1=" " ind2=" " tag="043"><subfield code="a">n-us-il</subfield></datafield><datafield ind1="0" ind2=" " tag="130"><subfield code="a">Daily chronicle (De Kalb, Ill.)</subfield></datafield><datafield ind1="1" ind2="4" tag="245"><subfield code="a">The Daily chronicle.</subfield></datafield><datafield ind1=" " ind2=" " tag="260"><subfield code="a">DeKalb, Ill. :</subfield><subfield code="b">Northern Illinois Pub. Co.,</subfield><subfield code="c">1970-</subfield></datafield><datafield ind1=" " ind2=" " tag="300"><subfield code="a">v. :</subfield><subfield code="b">ill. ;</subfield><subfield code="c">58 cm.</subfield></datafield><datafield ind1=" " ind2=" " tag="310"><subfield code="a">Daily (except Saturday),</subfield><subfield code="b">May 4, 1980-</subfield></datafield><datafield ind1=" " ind2=" " tag="321"><subfield code="a">Daily (except Sunday),</subfield><subfield code="b">Mar. 2, 1970-May 2, 1980</subfield></datafield><datafield ind1="0" ind2=" " tag="362"><subfield code="a">70th year, no. 50 [i.e. 51] (Mar. 2, 1970)-72nd year, no. 17 (Jan. 21, 1972) ; 93rd year, no. 18 (Jan. 22, 1972)-</subfield></datafield><datafield ind1=" " ind2=" " tag="515"><subfield code="a">Continues the numbering of DeKalb daily chronicle (De Kalb, Ill.).</subfield></datafield><datafield ind1=" " ind2="0" tag="651"><subfield code="a">De Kalb (Ill.)</subfield><subfield code="v">Newspapers.</subfield></datafield><datafield ind1=" " ind2="7" tag="651"><subfield code="a">Illinois</subfield><subfield code="z">De Kalb.</subfield><subfield code="2">fast</subfield><subfield code="0">(OCoLC)fst01206287</subfield></datafield><datafield ind1=" " ind2="7" tag="655"><subfield code="a">Newspapers.</subfield><subfield code="2">fast</subfield><subfield code="0">(OCoLC)fst01423814</subfield></datafield><datafield ind1=" " ind2=" " tag="752"><subfield code="a">United States</subfield><subfield code="b">Illinois</subfield><subfield code="c">De Kalb</subfield><subfield code="d">De Kalb.</subfield></datafield><datafield ind1="0" ind2="0" tag="780"><subfield code="t">DeKalb daily chronicle (De Kalb, Ill.)</subfield><subfield code="w">(DLC)sn 92053420</subfield><subfield code="w">(OCoLC)27019477</subfield></datafield><datafield ind1="0" ind2="5" tag="780"><subfield code="t">DeKalb County journal</subfield><subfield code="w">(DLC)sn 92053415</subfield><subfield code="w">(OCoLC)27019128</subfield></datafield><datafield ind1="0" ind2="5" tag="780"><subfield code="t">Sunday journal (De Kalb, Ill.)</subfield><subfield code="w">(DLC)sn 92053414</subfield><subfield code="w">(OCoLC)27018762</subfield></datafield></record>